@misc{TruebitWhitepaper,
    author    = "Jason Teutsch and Christian Reitwie√üner",
    title     = "A scalable verification solution for blockchains",
    url       = "http://people.cs.uchicago.edu/~teutsch/papers/truebit.pdf"
}

@misc{ColonyVoting,
    author    = "Elena Dimitrova",
    title     = "Token-weighted voting implementation",
    url       = "http://blog.colony.io/token-weighted-voting-implementation-part-1-72f836b5423b"
}

@inbook{KeynesianBeauty,
  title={The General Theory of Employment, Interest and Money},
  author={Keynes, J.M.},
  chapter={12},
  year={1936},
  publisher={Harcourt, Brace}
}

@inproceedings{MerkleTrees,
 author = {Merkle, Ralph C.},
 title = {A Digital Signature Based on a Conventional Encryption Function},
 booktitle = {A Conference on the Theory and Applications of Cryptographic Techniques on Advances in Cryptology},
 series = {CRYPTO '87},
 year = {1988},
 isbn = {3-540-18796-0},
 pages = {369--378},
 numpages = {10},
 url = {https://people.eecs.berkeley.edu/~raluca/cs261-f15/readings/merkle.pdf},
 publisher = {Springer-Verlag},
 address = {London, UK},
}


@misc{MerkleInEthereum,
    author    = "Vitalik Buterin",
    title     = "Merkling in Ethereum",
    url       = "http://blog.ethereum.org/2015/11/15/merkling-in-ethereum/"
}

@misc{YellowPaper,
    author    = "Gavin Wood",
    title     = "Ethereum: A secure decentralised generalised transaction ledger",
    url       = "http://ethereum.github.io/yellowpaper/paper.pdf"
}

@misc{UpgradingContracts,
    author    = "Elena Dimitrova",
    title     = "Writing upgradable contracts in Solidity",
    url       = "http://blog.colony.io/writing-upgradeable-contracts-in-solidity-6743f0eecc88"

}

@misc{erc20,
    title     = "ERC: Token standard \#20",
    url       = "https://github.com/ethereum/EIPs/issues/20"
}

@misc{MiniMe,
    author    = "Griff Green",
    title     = "The MiniMe Token: Open Sourced by Giveth",
    url       = "https://medium.com/giveth/the-minime-token-open-sourced-by-giveth-2710c0210787"
}


@misc{EtherRouter,
    title     = "EtherRouter",
    author    = "Peter Borah",
    url       = "https://github.com/ownage-ltd/ether-router"
}

@misc{EIP150,
    title     = "EIP150",
    url       = "https://github.com/ethereum/eips/issues/150"
    }

@article {The-Nature-of-the-Firm,
    author = {Coase, R. H.},
    title = {The Nature of the Firm},
    journal = {Economica},
    volume = {4},
    number = {16},
    publisher = {Blackwell Publishing Ltd},
    issn = {1468-0335},
    url = {http://www3.nccu.edu.tw/~jsfeng/CPEC11.pdf},
    pages = {386--405},
    year = {1937},
}
